@book{anton2013elementary,
  author = {Anton, Howard and Rorres, Chris},
  title = {Elementary Linear Algebra},
  year = {2013},
  publisher = {John Wiley \& Sons},
  address = {New York},
}

@book{larson2008elementary,
  author = {Larson, Ron and Falvo, David C.},
  title = {Elementary Linear Algebra},
  year = {2008},
  publisher = {Brooks Cole},
  address = {Boston},
}

@book{dstt,
  title = {DAI SO TUYEN TINH},
  author = {Dang Van Vinh},
  year = {2019},
  publisher = {NXB DHQG}
}

\end{filecontents*}